<record><leader>00000cas a22000007a 4500</leader><controlfield tag="001">18065291</controlfield><controlfield tag="008">880610d19071917paucr ne      0    0eng d</controlfield><datafield ind1=" " ind2=" " tag="010"><subfield code="a">sn 88080777 </subfield></datafield><datafield ind1=" " ind2=" " tag="040"><subfield code="a">NPH</subfield><subfield code="b">eng</subfield><subfield code="c">NPH</subfield><subfield code="d">OCLCQ</subfield></datafield><datafield ind1=" " ind2=" " tag="042"><subfield code="a">msc</subfield></datafield><datafield ind1="0" ind2=" " tag="130"><subfield code="a">Cambridge Springs enterprise (Cambridge Springs, Pa. : 1907)</subfield></datafield><datafield ind1="1" ind2="0" tag="245"><subfield code="a">Cambridge Springs enterprise.</subfield></datafield><datafield ind1=" " ind2=" " tag="260"><subfield code="a">Cambridge Springs, Pa. :</subfield><subfield code="b">Enterprise Pub. Co.,</subfield><subfield code="c">1907-1917.</subfield></datafield><datafield ind1=" " ind2=" " tag="300"><subfield code="a">v.</subfield></datafield><datafield ind1=" " ind2=" " tag="310"><subfield code="a">Semiweekly</subfield></datafield><datafield ind1="0" ind2=" " tag="362"><subfield code="a">Vol. 15, no. 50 (Jan. 1, 1907)-v. 25, no. 88 (May 11, 1917).</subfield></datafield><datafield ind1=" " ind2=" " tag="500"><subfield code="a">Publisher: Wm. P. Rose, &lt;1916&gt;.</subfield></datafield><datafield ind1=" " ind2=" " tag="752"><subfield code="a">United States</subfield><subfield code="b">Pennsylvania</subfield><subfield code="c">Crawford</subfield><subfield code="d">Cambridge Springs.</subfield></datafield><datafield ind1="0" ind2="0" tag="780"><subfield code="t">Semi-weekly enterprise (Cambridge Springs, Pa.)</subfield><subfield code="w">(DLC)sn 88079468</subfield></datafield><datafield ind1="0" ind2="0" tag="785"><subfield code="t">Enterprise (Cambridge Springs, Pa.)</subfield><subfield code="w">(DLC)sn 88079469</subfield></datafield></record>